<?xml version="1.0" encoding="UTF-8"?><collection xmlns="http://www.loc.gov/MARC21/slim"><record><leader>00334nam--2200133-i-4500</leader><controlfield tag="001">000045806</controlfield><controlfield tag="002">20161230</controlfield><controlfield tag="005">20161230201045</controlfield><controlfield tag="008">060222s1000------------r-----000-0-eng-d</controlfield><datafield ind1=" " ind2=" " tag="080"><subfield code="a">519.68</subfield></datafield><datafield ind1=" " ind2=" " tag="100"><subfield code="a">Vaida, Dragos</subfield></datafield><datafield ind1=" " ind2=" " tag="245"><subfield code="a">Programarea calculatoarelor electronice</subfield></datafield><datafield ind1=" " ind2=" " tag="260"><subfield code="a">Bucuresti, Ed.Acad.R.S.R., 1967, 384p</subfield></datafield><datafield ind1=" " ind2=" " tag="852"><subfield code="a">27549</subfield></datafield></record></collection>